<?xml version="1.0" encoding="UTF-8"?>
<record xmlns="http://www.loc.gov/MARC21/slim" xmlns:xsi="http://www.w3.org/2001/XMLSchema-instance" xsi:schemaLocation="http://www.loc.gov/MARC21/slim http://www.loc.gov/standards/marcxml/schema/MARC21slim.xsd">
<leader>00000cam a22        4500</leader>
<controlfield tag="001">001679926</controlfield>
<controlfield tag="003">NNU</controlfield>
<controlfield tag="005">20141121163116.0</controlfield>
<controlfield tag="008">840909s1967    iq       b    000 0 arao</controlfield>
<datafield tag="010" ind1=" " ind2=" ">
<subfield code="a">   71265056</subfield>
</datafield>
<datafield tag="035" ind1=" " ind2=" ">
<subfield code="a">(OCoLC)21659654</subfield>
</datafield>
<datafield tag="040" ind1=" " ind2=" ">
<subfield code="a">DLC</subfield>
<subfield code="b">eng</subfield>
<subfield code="c">CUY</subfield>
<subfield code="d">OCL</subfield>
<subfield code="d">IUL</subfield>
<subfield code="d">OCLCA</subfield>
<subfield code="d">OCLCQ</subfield>
<subfield code="d">OCLCO</subfield>
<subfield code="d">OCLCA</subfield>
<subfield code="d">OCLCQ</subfield>
<subfield code="d">NNU</subfield>
</datafield>
<datafield tag="043" ind1=" " ind2=" ">
<subfield code="a">ar-----</subfield>
</datafield>
<datafield tag="050" ind1="0" ind2="0">
<subfield code="a">BP134.E7</subfield>
<subfield code="b">S24</subfield>
</datafield>
<datafield tag="100" ind1="1" ind2=" ">
<subfield code="6">880-01</subfield>
<subfield code="a">Ṣaffār, Ibtisām Marhūn.</subfield>
</datafield>
<datafield tag="245" ind1="1" ind2="3">
<subfield code="6">880-02</subfield>
<subfield code="a">al-Taʻābīr al-Qurʹānīyah wa-al-bīʹah al-ʻArabīyah :</subfield>
<subfield code="b">fī mashāhid al-qiyāmah /</subfield>
<subfield code="c">taʹlīf Ibtisām Marhūn al-Ṣaffār.</subfield>
</datafield>
<datafield tag="250" ind1=" " ind2=" ">
<subfield code="6">880-03</subfield>
<subfield code="a">[al-Ṭabʻah 1.].</subfield>
</datafield>
<datafield tag="260" ind1=" " ind2=" ">
<subfield code="6">880-04</subfield>
<subfield code="a">al-Najaf,</subfield>
<subfield code="b">Maṭbaʻat al-Ādāb,</subfield>
<subfield code="c">1966 [i.e. 1967]</subfield>
</datafield>
<datafield tag="300" ind1=" " ind2=" ">
<subfield code="a">384 pages</subfield>
<subfield code="c">25 cm</subfield>
</datafield>
<datafield tag="336" ind1=" " ind2=" ">
<subfield code="a">text</subfield>
<subfield code="b">txt</subfield>
<subfield code="2">rdacontent</subfield>
</datafield>
<datafield tag="337" ind1=" " ind2=" ">
<subfield code="a">unmediated</subfield>
<subfield code="b">n</subfield>
<subfield code="2">rdamedia</subfield>
</datafield>
<datafield tag="338" ind1=" " ind2=" ">
<subfield code="a">volume</subfield>
<subfield code="b">nc</subfield>
<subfield code="2">rdacarrier</subfield>
</datafield>
<datafield tag="504" ind1=" " ind2=" ">
<subfield code="a">Includes bibliographical references (pages 319-347).</subfield>
</datafield>
<datafield tag="650" ind1=" " ind2="0">
<subfield code="a">Ethnology in the Qurʼan.</subfield>
</datafield>
<datafield tag="630" ind1="0" ind2="0">
<subfield code="a">Qurʼan</subfield>
<subfield code="x">Geography.</subfield>
</datafield>
<datafield tag="630" ind1="0" ind2="0">
<subfield code="a">Qurʼan</subfield>
<subfield code="x">Language, style.</subfield>
</datafield>
<datafield tag="650" ind1=" " ind2="0">
<subfield code="a">Islamic eschatology</subfield>
<subfield code="x">Qurʼanic teaching.</subfield>
</datafield>
<datafield tag="776" ind1="0" ind2="8">
<subfield code="i">Online version:</subfield>
<subfield code="a">Ṣaffār, Ibtisām Marhūn.</subfield>
<subfield code="t">Taʻābīr al-Qurʹānīyah wa-al-bīʹah al-ʻArabīyah.</subfield>
<subfield code="b">[al-Ṭabʻah 1.].</subfield>
<subfield code="d">al-Najaf, Maṭbaʻat al-Ādāb, 1966 [i.e. 1967]</subfield>
<subfield code="w">(OCoLC)645322191</subfield>
</datafield>
<datafield tag="880" ind1="1" ind2=" ">
<subfield code="6">100-01/</subfield>
<subfield code="a">صفار، ابتسام مرهون.</subfield>
</datafield>
<datafield tag="880" ind1="1" ind2="2">
<subfield code="6">245-02/</subfield>
<subfield code="a">التعابير القرانية والبية العربية :</subfield>
<subfield code="b">في مشاهد القيامة /</subfield>
<subfield code="c">تليف ابتسام مرهون الصفار.</subfield>
</datafield>
<datafield tag="880" ind1=" " ind2=" ">
<subfield code="6">250-03/</subfield>
<subfield code="a">[الطبعة 1.].</subfield>
</datafield>
<datafield tag="880" ind1=" " ind2=" ">
<subfield code="6">260-04/</subfield>
<subfield code="a">النجف،</subfield>
<subfield code="b">مطبعة الاداب،</subfield>
<subfield code="c">1966 [i.e. 1967]</subfield>
</datafield>
<datafield tag="OWN" ind1=" " ind2=" ">
<subfield code="a">GENERAL</subfield>
</datafield>
<datafield tag="AVA" ind1=" " ind2=" ">
<subfield code="a">NYU50</subfield>
<subfield code="b">BOBST</subfield>
<subfield code="c">Main Collection</subfield>
<subfield code="d">PJ6696 .S3</subfield>
<subfield code="e">unavailable</subfield>
<subfield code="t">Unavailable</subfield>
<subfield code="f">1</subfield>
<subfield code="g">1</subfield>
<subfield code="h">N</subfield>
<subfield code="i">0</subfield>
<subfield code="j">MAIN</subfield>
<subfield code="k">0</subfield>
</datafield>
</record>
